@FOOTNOTE{Note1,key="Note1",note="The behavior of the $A\cdot p$ and $A^2$-term is similar to the ${r}\cdot D$ and $r^2$ term in the length-gauge reported in recent work on the optimized effective potential~\cite {pellegrini2015,flick2017c} method for QEDFT including one-photon processes. "}
