%% This BibTeX bibliography file was created using BibDesk.
%% http://bibdesk.sourceforge.net/


%% Created for Nick at 2018-08-06 09:08:10 -0500 


%% Saved with string encoding Unicode (UTF-8) 



@article{pseudodojo,
	Author = {M.J. van Setten and M. Giantomassi and E. Bousquet and M.J. Verstraete and D.R. Hamann and X. Gonze and G.-M. Rignanese},
	Doi = {https://doi.org/10.1016/j.cpc.2018.01.012},
	Issn = {0010-4655},
	Journal = {Computer Physics Communications},
	Keywords = {First-principles calculation, Electronic structure, Density functional theory, Pseudopotential},
	Pages = {39 - 54},
	Title = {The PseudoDojo: Training and grading a 85 element optimized norm-conserving pseudopotential table},
	Url = {http://www.sciencedirect.com/science/article/pii/S0010465518300250},
	Volume = {226},
	Year = {2018},
	Bdsk-Url-1 = {http://www.sciencedirect.com/science/article/pii/S0010465518300250},
	Bdsk-Url-2 = {https://doi.org/10.1016/j.cpc.2018.01.012}}

@article{ONCV_PPs,
	Author = {Hamann, D. R.},
	Doi = {10.1103/PhysRevB.88.085117},
	Issue = {8},
	Journal = {Phys. Rev. B},
	Month = {Aug},
	Numpages = {10},
	Pages = {085117},
	Publisher = {American Physical Society},
	Title = {Optimized norm-conserving Vanderbilt pseudopotentials},
	Url = {https://link.aps.org/doi/10.1103/PhysRevB.88.085117},
	Volume = {88},
	Year = {2013},
	Bdsk-Url-1 = {https://link.aps.org/doi/10.1103/PhysRevB.88.085117},
	Bdsk-Url-2 = {http://dx.doi.org/10.1103/PhysRevB.88.085117}}

@article{Hamann2005metric,
	Author = {Hamann, D.R. and Wu, Xifan and Rabe, Karin M. and Vanderbilt, David},
	Journal = {Physical Review B},
	Number = {3},
	Pages = {035117},
	Publisher = {APS},
	Title = {Metric tensor formulation of strain in density-functional perturbation theory},
	Volume = {71},
	Year = {2005}}

@article{PBEsol,
	Author = {Perdew, John P. and Ruzsinszky, Adrienn and Csonka, G\'abor I. and Vydrov, Oleg A. and Scuseria, Gustavo E. and Constantin, Lucian A. and Zhou, Xiaolan and Burke, Kieron},
	Doi = {10.1103/PhysRevLett.100.136406},
	Issue = {13},
	Journal = {Phys. Rev. Lett.},
	Month = {Apr},
	Numpages = {4},
	Pages = {136406},
	Publisher = {American Physical Society},
	Title = {Restoring the Density-Gradient Expansion for Exchange in Solids and Surfaces},
	Url = {https://link.aps.org/doi/10.1103/PhysRevLett.100.136406},
	Volume = {100},
	Year = {2008},
	Bdsk-Url-1 = {https://link.aps.org/doi/10.1103/PhysRevLett.100.136406},
	Bdsk-Url-2 = {http://dx.doi.org/10.1103/PhysRevLett.100.136406}}

@article{PBE,
	Author = {Perdew, John P and Burke, Kieron and Ernzerhof, Matthias},
	Journal = {Physical review letters},
	Number = {18},
	Pages = {3865},
	Publisher = {APS},
	Title = {Generalized gradient approximation made simple},
	Volume = {77},
	Year = {1996}}

@article{grimme,
	Author = {Grimme, Stefan and Antony, Jens and Ehrlich, Stephan and Krieg, Helge},
	Journal = {The Journal of chemical physics},
	Number = {15},
	Pages = {154104},
	Publisher = {AIP},
	Title = {A consistent and accurate ab initio parametrization of density functional dispersion correction (DFT-D) for the 94 elements H-Pu},
	Volume = {132},
	Year = {2010}}

@article{Gonze1997dynamical,
	Author = {Gonze, Xavier and Lee, Changyol},
	Journal = {Physical Review B},
	Number = {16},
	Pages = {10355},
	Publisher = {APS},
	Title = {Dynamical matrices, Born effective charges, dielectric permittivity tensors, and interatomic force constants from density-functional perturbation theory},
	Volume = {55},
	Year = {1997}}

@book{levinshtein2001properties,
	Author = {Levinshtein, Michael E and Rumyantsev, Sergey L and Shur, Michael S},
	Publisher = {John Wiley \& Sons},
	Title = {Properties of Advanced Semiconductor Materials: GaN, AIN, InN, BN, SiC, SiGe},
	Year = {2001}}

@article{attaccalite2018two,
	Author = {Attaccalite, Claudio and Gr{\"u}ning, Myrta and Amara, Hakim and Latil, Sylvain and Ducastelle, Fran{\c{c}}ois},
	Journal = {arXiv preprint arXiv:1803.10959},
	Title = {Two-photon absorption in two-dimensional materials: The case of hexagonal boron nitride},
	Year = {2018}}

@article{robert2016excitonic,
	Author = {Robert, C and Picard, R and Lagarde, D and Wang, G and Echeverry, JP and Cadiz, F and Renucci, P and H{\"o}gele, A and Amand, T and Marie, X and others},
	Journal = {Physical Review B},
	Number = {15},
	Pages = {155425},
	Publisher = {APS},
	Title = {Excitonic properties of semiconducting monolayer and bilayer MoT e 2},
	Volume = {94},
	Year = {2016}}

@article{tiwald1999carrier,
	Author = {Tiwald, Thomas E and Woollam, John A and Zollner, Stefan and Christiansen, Jim and Gregory, RB and Wetteroth, T and Wilson, SR and Powell, Adrian R},
	Journal = {Physical Review B},
	Number = {16},
	Pages = {11464},
	Publisher = {APS},
	Title = {Carrier concentration and lattice absorption in bulk and epitaxial silicon carbide determined using infrared ellipsometry},
	Volume = {60},
	Year = {1999}}

@article{caldwell2014sub,
	Author = {Caldwell, Joshua D and Kretinin, Andrey V and Chen, Yiguo and Giannini, Vincenzo and Fogler, Michael M and Francescato, Yan and Ellis, Chase T and Tischler, Joseph G and Woods, Colin R and Giles, Alexander J and others},
	Journal = {Nature communications},
	Pages = {5221},
	Publisher = {Nature Publishing Group},
	Title = {Sub-diffractional volume-confined polaritons in the natural hyperbolic material hexagonal boron nitride},
	Volume = {5},
	Year = {2014}}

@article{abinit1,
	Doi = {10.1016/j.cpc.2009.07.007},
	Issn = {0010-4655},
	Journal = {Computer Physics Communications},
	Keywords = {Many-Body Perturbation Theory},
	Number = {12},
	Pages = {2582 - 2615},
	Title = {ABINIT: First-principles approach to material and nanosystem properties},
	Url = {http://www.sciencedirect.com/science/article/pii/S0010465509002276},
	Volume = {180},
	Year = {2009},
	Bdsk-Url-1 = {http://www.sciencedirect.com/science/article/pii/S0010465509002276},
	Bdsk-Url-2 = {http://dx.doi.org/10.1016/j.cpc.2009.07.007}}

@article{abinit2,
	Author = {Gonze, X and Rignanese, G and Verstraete, M and Betiken, J and Pouillon, Y and Caracas, R and Jollet, F and Torrent, M and Zerah, G and Mikami, M and Ghosez, P and Veithen, M and Raty, J-Y and Olevano, V and Bruneval, F and Reining, L and Godby, R and Onida, G and Hamann, D and Allan, D},
	Journal = {Zeitschrift fur Kristallographie. (Special issue on Computational Crystallography.)},
	Pages = {558--562},
	Publisher = {Oldenbourg Wissenschaftsverlag, Munich},
	Title = {A brief introduction to the ABINIT software package},
	Volume = {220},
	Year = {2005}}

@article{abinit3,
	Author = {X. Gonze and J.-M. Beuken and R. Caracas and F. Detraux and M. Fuchs and G.-M. Rignanese and L. Sindic and M. Verstraete and G. Zerah and F. Jollet and M. Torrent and A. Roy and M. Mikami and Ph. Ghosez and J.-Y. Raty and D.C. Allan},
	Doi = {10.1016/S0927-0256(02)00325-7},
	Issn = {0927-0256},
	Journal = {Computational Materials Science},
	Keywords = {Electronic structure},
	Number = {3},
	Pages = {478 - 492},
	Title = {First-principles computation of material properties: the ABINIT software project},
	Url = {http://www.sciencedirect.com/science/article/pii/S0927025602003257},
	Volume = {25},
	Year = {2002},
	Bdsk-Url-1 = {http://www.sciencedirect.com/science/article/pii/S0927025602003257},
	Bdsk-Url-2 = {http://dx.doi.org/10.1016/S0927-0256(02)00325-7}}

@article{band_gap_expt1,
	Doi = {10.1063/1.1429766},
	Eprint = {https://doi.org/10.1063/1.1429766},
	Journal = {Journal of Applied Physics},
	Number = {4},
	Pages = {2099-2103},
	Title = {Optical properties of 4H?SiC},
	Url = {https://doi.org/10.1063/1.1429766},
	Volume = {91},
	Year = {2002},
	Bdsk-Url-1 = {https://doi.org/10.1063/1.1429766},
	Bdsk-Url-2 = {http://dx.doi.org/10.1063/1.1429766}}

@article{band_gap_expt2,
	Author = {Haberstroh,Ch. and Helbig,R. and Stein,R. A.},
	Doi = {10.1063/1.357103},
	Eprint = {https://doi.org/10.1063/1.357103},
	Journal = {Journal of Applied Physics},
	Number = {1},
	Pages = {509-513},
	Title = {Some new features of the photoluminescence of SiC(6H), SiC(4H), and SiC(15R)},
	Url = {https://doi.org/10.1063/1.357103},
	Volume = {76},
	Year = {1994},
	Bdsk-Url-1 = {https://doi.org/10.1063/1.357103},
	Bdsk-Url-2 = {http://dx.doi.org/10.1063/1.357103}}

@article{chen2012optical,
	Author = {Chen, Jianing and Badioli, Michela and Alonso-Gonz{\'a}lez, Pablo and Thongrattanasiri, Sukosin and Huth, Florian and Osmond, Johann and Spasenovi{\'c}, Marko and Centeno, Alba and Pesquera, Amaia and Godignon, Philippe and others},
	Journal = {Nature},
	Number = {7405},
	Pages = {77},
	Publisher = {Nature Publishing Group},
	Title = {Optical nano-imaging of gate-tunable graphene plasmons},
	Volume = {487},
	Year = {2012}}

@article{koppens2011graphene,
	Author = {Koppens, Frank HL and Chang, Darrick E and Garcia de Abajo, F Javier},
	Journal = {Nano letters},
	Number = {8},
	Pages = {3370--3377},
	Publisher = {ACS Publications},
	Title = {Graphene plasmonics: a platform for strong light--matter interactions},
	Volume = {11},
	Year = {2011}}

@article{fei2012gate,
	Author = {Fei, Zhe and Rodin, AS and Andreev, GO and Bao, W and McLeod, AS and Wagner, M and Zhang, LM and Zhao, Z and Thiemens, M and Dominguez, G and others},
	Journal = {Nature},
	Number = {7405},
	Pages = {82},
	Publisher = {Nature Publishing Group},
	Title = {Gate-tuning of graphene plasmons revealed by infrared nano-imaging},
	Volume = {487},
	Year = {2012}}

@article{lundeberg2017tuning,
	Author = {Lundeberg, Mark B and Gao, Yuanda and Asgari, Reza and Tan, Cheng and Van Duppen, Ben and Autore, Marta and Alonso-Gonz{\'a}lez, Pablo and Woessner, Achim and Watanabe, Kenji and Taniguchi, Takashi and others},
	Journal = {Science},
	Pages = {eaan2735},
	Publisher = {American Association for the Advancement of Science},
	Title = {Tuning quantum nonlocal effects in graphene plasmonics},
	Year = {2017}}

@article{atwater2007promise,
	Author = {Atwater, Harry A},
	Journal = {Scientific American},
	Number = {4},
	Pages = {56--62},
	Publisher = {Nature Publishing Group},
	Title = {The promise of plasmonics},
	Volume = {296},
	Year = {2007}}

@article{basov2017towards,
	Author = {Basov, DN and Averitt, RD and Hsieh, D},
	Journal = {Nature materials},
	Number = {11},
	Pages = {1077},
	Publisher = {Nature Publishing Group},
	Title = {Towards properties on demand in quantum materials},
	Volume = {16},
	Year = {2017}}

@article{low2017polaritons,
	Author = {Low, Tony and Chaves, Andrey and Caldwell, Joshua D and Kumar, Anshuman and Fang, Nicholas X and Avouris, Phaedon and Heinz, Tony F and Guinea, Francisco and Martin-Moreno, Luis and Koppens, Frank},
	Journal = {Nature materials},
	Number = {2},
	Pages = {182},
	Publisher = {Nature Publishing Group},
	Title = {Polaritons in layered two-dimensional materials},
	Volume = {16},
	Year = {2017}}

@article{caldwell2015low,
	Author = {Caldwell, Joshua D and Lindsay, Lucas and Giannini, Vincenzo and Vurgaftman, Igor and Reinecke, Thomas L and Maier, Stefan A and Glembocki, Orest J},
	Journal = {Nanophotonics},
	Number = {1},
	Pages = {44--68},
	Publisher = {De Gruyter},
	Title = {Low-loss, infrared and terahertz nanophotonics using surface phonon polaritons},
	Volume = {4},
	Year = {2015}}

@article{Basov:2016,
	Author = {Basov, D. N. and Fogler, M. M. and Garc\'{i}a de Abajo, F. J.},
	Date-Added = {2018-06-04 19:40:59 +0000},
	Date-Modified = {2018-06-04 19:40:59 +0000},
	Doi = {10.1126/science.aag1992},
	Journal = {Science},
	Pages = {aag1992},
	Title = {Polaritons in van der Waals materials},
	Volume = {354},
	Year = {2016},
	Bdsk-Url-1 = {http://dx.doi.org/10.1126/science.aag1992}}

@article{iranzo2018probing,
	Author = {Iranzo, David Alcaraz and Nanot, S{\'e}bastien and Dias, Eduardo JC and Epstein, Itai and Peng, Cheng and Efetov, Dmitri K and Lundeberg, Mark B and Parret, Romain and Osmond, Johann and Hong, Jin-Yong and others},
	Journal = {Science},
	Number = {6386},
	Pages = {291--295},
	Publisher = {American Association for the Advancement of Science},
	Title = {Probing the ultimate plasmon confinement limits with a van der Waals heterostructure},
	Volume = {360},
	Year = {2018}}

@article{stern1967polarizability,
	Author = {Stern, Frank},
	Journal = {Physical Review Letters},
	Number = {14},
	Pages = {546},
	Publisher = {APS},
	Title = {Polarizability of a two-dimensional electron gas},
	Volume = {18},
	Year = {1967}}

@article{dai2014tunable,
	Author = {Dai, S and Fei, Z and Ma, Q and Rodin, AS and Wagner, M and McLeod, AS and Liu, MK and Gannett, W and Regan, W and Watanabe, K and others},
	Journal = {Science},
	Number = {6175},
	Pages = {1125--1129},
	Publisher = {American Association for the Advancement of Science},
	Title = {Tunable phonon polaritons in atomically thin van der Waals crystals of boron nitride},
	Volume = {343},
	Year = {2014}}

@article{caldwell2013low,
	Author = {Caldwell, Joshua D and Glembocki, Orest J and Francescato, Yan and Sharac, Nicholas and Giannini, Vincenzo and Bezares, Francisco J and Long, James P and Owrutsky, Jeffrey C and Vurgaftman, Igor and Tischler, Joseph G and others},
	Journal = {Nano letters},
	Number = {8},
	Pages = {3690--3697},
	Publisher = {ACS Publications},
	Title = {Low-loss, extreme subdiffraction photon confinement via silicon carbide localized surface phonon polariton resonators},
	Volume = {13},
	Year = {2013}}

@article{shi2015,
	Author = {Zhiwen Shi and Xiaoping Hong and Hans A. Bechtel and Bo Zeng and Michael C. Martin and Kenji Watanabe and Takashi Taniguchi and Yuen-Ron Shen and Feng Wang},
	Doi = {10.1038/nphoton.2015.123},
	Journal = {Nat. Photonics},
	Month = {jul},
	Number = {8},
	Pages = {515--519},
	Publisher = {Springer Nature},
	Title = {Observation of a Luttinger-liquid plasmon in metallic single-walled carbon nanotubes},
	Url = {https://doi.org/10.1038%2Fnphoton.2015.123},
	Volume = {9},
	Year = 2015,
	Bdsk-Url-1 = {https://doi.org/10.1038%2Fnphoton.2015.123},
	Bdsk-Url-2 = {https://doi.org/10.1038/nphoton.2015.123}}

@article{ni2018fundamental,
	Author = {Ni, GX and McLeod, AS and Sun, Z and Wang, L and Xiong, L and Post, KW and Sunku, SS and Jiang, B-Y and Hone, J and Dean, CR and others},
	Journal = {Nature},
	Number = {7706},
	Pages = {530},
	Publisher = {Nature Publishing Group},
	Title = {Fundamental limits to graphene plasmonics},
	Volume = {557},
	Year = {2018}}

@article{stiles2008surface,
	Author = {Stiles, Paul L and Dieringer, Jon A and Shah, Nilam C and Van Duyne, Richard P},
	Journal = {Annu. Rev. Anal. Chem.},
	Pages = {601--626},
	Publisher = {Annual Reviews},
	Title = {Surface-enhanced Raman spectroscopy},
	Volume = {1},
	Year = {2008}}

@article{nie1997probing,
	Author = {Nie, Shuming and Emory, Steven R},
	Journal = {science},
	Number = {5303},
	Pages = {1102--1106},
	Publisher = {American Association for the Advancement of Science},
	Title = {Probing single molecules and single nanoparticles by surface-enhanced Raman scattering},
	Volume = {275},
	Year = {1997}}

@article{albrecht1977anomalously,
	Author = {Albrecht, M Grant and Creighton, J Alan},
	Journal = {Journal of the american chemical society},
	Number = {15},
	Pages = {5215--5217},
	Publisher = {ACS Publications},
	Title = {Anomalously intense Raman spectra of pyridine at a silver electrode},
	Volume = {99},
	Year = {1977}}

@article{kauranen2012nonlinear,
	Author = {Kauranen, Martti and Zayats, Anatoly V},
	Journal = {Nature Photonics},
	Number = {11},
	Pages = {737},
	Publisher = {Nature Publishing Group},
	Title = {Nonlinear plasmonics},
	Volume = {6},
	Year = {2012}}

@article{moskovits1985surface,
	Author = {Moskovits, Martin},
	Journal = {Reviews of modern physics},
	Number = {3},
	Pages = {783},
	Publisher = {APS},
	Title = {Surface-enhanced spectroscopy},
	Volume = {57},
	Year = {1985}}

@article{jeanmaire1977surface,
	Author = {Jeanmaire, David L and Van Duyne, Richard P},
	Journal = {Journal of electroanalytical chemistry and interfacial electrochemistry},
	Number = {1},
	Pages = {1--20},
	Publisher = {Elsevier},
	Title = {Surface Raman spectroelectrochemistry: Part I. Heterocyclic, aromatic, and aliphatic amines adsorbed on the anodized silver electrode},
	Volume = {84},
	Year = {1977}}

@article{moskovits2005surface,
	Author = {Moskovits, Martin},
	Journal = {Journal of Raman Spectroscopy: An International Journal for Original Work in all Aspects of Raman Spectroscopy, Including Higher Order Processes, and also Brillouin and Rayleigh Scattering},
	Number = {6-7},
	Pages = {485--496},
	Publisher = {Wiley Online Library},
	Title = {Surface-enhanced Raman spectroscopy: a brief retrospective},
	Volume = {36},
	Year = {2005}}

@article{rivera2016shrinking,
	Author = {Rivera, Nicholas and Kaminer, Ido and Zhen, Bo and Joannopoulos, John D and Solja{\v{c}}i{\'c}, Marin},
	Journal = {Science},
	Number = {6296},
	Pages = {263--269},
	Publisher = {American Association for the Advancement of Science},
	Title = {Shrinking light to allow forbidden transitions on the atomic scale},
	Volume = {353},
	Year = {2016}}

@article{zurita2002multipolar,
	Author = {Zurita-S{\'a}nchez, Jorge R and Novotny, Lukas},
	Journal = {JOSA B},
	Number = {6},
	Pages = {1355--1362},
	Publisher = {Optical Society of America},
	Title = {Multipolar interband absorption in a semiconductor quantum dot. I. Electric quadrupole enhancement},
	Volume = {19},
	Year = {2002}}

@article{takase2013selection,
	Author = {Takase, Mai and Ajiki, Hiroshi and Mizumoto, Yoshihiko and Komeda, Keiichiro and Nara, Masanobu and Nabika, Hideki and Yasuda, Satoshi and Ishihara, Hajime and Murakoshi, Kei},
	Journal = {Nature Photonics},
	Number = {7},
	Pages = {550},
	Publisher = {Nature Publishing Group},
	Title = {Selection-rule breakdown in plasmon-induced electronic excitation of an isolated single-walled carbon nanotube},
	Volume = {7},
	Year = {2013}}

@article{goppert1931elementarakte,
	Author = {G{\"o}ppert-Mayer, Maria},
	Journal = {Annalen der Physik},
	Number = {3},
	Pages = {273--294},
	Publisher = {Wiley Online Library},
	Title = {{\"U}ber elementarakte mit zwei quantenspr{\"u}ngen},
	Volume = {401},
	Year = {1931}}

@article{breit1940metastability,
	Author = {Breit, G and Teller, E},
	Journal = {The Astrophysical Journal},
	Pages = {215},
	Title = {Metastability of Hydrogen and Helium Levels.},
	Volume = {91},
	Year = {1940}}

@article{hayat2008observation,
	Author = {Hayat, Alex and Ginzburg, Pavel and Orenstein, Meir},
	Journal = {Nature photonics},
	Number = {4},
	Pages = {238},
	Publisher = {Nature Publishing Group},
	Title = {Observation of two-photon emission from semiconductors},
	Volume = {2},
	Year = {2008}}

@article{nevet2010plasmonic,
	Author = {Nevet, Amir and Berkovitch, Nikolai and Hayat, Alex and Ginzburg, Pavel and Ginzach, Shai and Sorias, Ofir and Orenstein, Meir},
	Journal = {Nano letters},
	Number = {5},
	Pages = {1848--1852},
	Publisher = {ACS Publications},
	Title = {Plasmonic nanoantennas for broad-band enhancement of two-photon emission from semiconductors},
	Volume = {10},
	Year = {2010}}

@article{hayat2011applications,
	Author = {Hayat, Alex and Nevet, Amir and Ginzburg, Pavel and Orenstein, Meir},
	Journal = {Semiconductor Science and Technology},
	Number = {8},
	Pages = {083001},
	Publisher = {IOP Publishing},
	Title = {Applications of two-photon processes in semiconductor photonic devices: invited review},
	Volume = {26},
	Year = {2011}}

@article{poddubny2012tailoring,
	Author = {Poddubny, Alexander N and Ginzburg, Pavel and Belov, Pavel A and Zayats, Anatoly V and Kivshar, Yuri S},
	Journal = {Physical Review A},
	Number = {3},
	Pages = {033826},
	Publisher = {APS},
	Title = {Tailoring and enhancing spontaneous two-photon emission using resonant plasmonic nanostructures},
	Volume = {86},
	Year = {2012}}

@article{jain2012near,
	Author = {Jain, Prashant K and Ghosh, Debraj and Baer, Roi and Rabani, Eran and Alivisatos, A Paul},
	Journal = {Proceedings of the National Academy of Sciences},
	Number = {21},
	Pages = {8016--8019},
	Publisher = {National Acad Sciences},
	Title = {Near-field manipulation of spectroscopic selection rules on the nanoscale},
	Volume = {109},
	Year = {2012}}

@article{kern2012strong,
	Author = {Kern, AM and Martin, Olivier JF},
	Journal = {Physical Review A},
	Number = {2},
	Pages = {022501},
	Publisher = {APS},
	Title = {Strong enhancement of forbidden atomic transitions using plasmonic nanostructures},
	Volume = {85},
	Year = {2012}}

@article{andersen2011strongly,
	Author = {Andersen, Mads Lykke and Stobbe, S{\o}ren and S{\o}rensen, Anders S{\o}ndberg and Lodahl, Peter},
	Journal = {Nature Physics},
	Number = {3},
	Pages = {215},
	Publisher = {Nature Publishing Group},
	Title = {Strongly modified plasmon--matter interaction with mesoscopic quantum emitters},
	Volume = {7},
	Year = {2011}}

@article{machado2016shaping,
	Author = {Machado, Francisco and Rivera, Nicholas and Buljan, Hrvoje and Solja{\v{c}}i{\'c}, Marin and Kaminer, Ido},
	Journal = {arXiv preprint arXiv:1610.01668},
	Title = {Shaping Polaritons to Reshape Selection Rules},
	Year = {2016}}

@article{alabastri2016extraordinary,
	Author = {Alabastri, Alessandro and Yang, Xiao and Manjavacas, Alejandro and Everitt, Henry O and Nordlander, Peter},
	Journal = {ACS nano},
	Number = {4},
	Pages = {4835--4846},
	Publisher = {ACS Publications},
	Title = {Extraordinary light-induced local angular momentum near metallic nanoparticles},
	Volume = {10},
	Year = {2016}}

@article{kurman2018control,
	Author = {Kurman, Yaniv and Rivera, Nicholas and Christensen, Thomas and Tsesses, Shai and Orenstein, Meir and Solja{\v{c}}i{\'c}, Marin and Joannopoulos, John D and Kaminer, Ido},
	Journal = {Nature Photonics},
	Pages = {1},
	Publisher = {Nature Publishing Group},
	Title = {Control of semiconductor emitter frequency by increasing polariton momenta},
	Year = {2018}}

@article{giles2017ultra,
	Author = {Giles, Alexander J and Dai, Siyuan and Vurgaftman, Igor and Hoffman, Timothy and Liu, Song and Lindsay, Lucas and Ellis, Chase T and Assefa, Nathanael and Chatzakis, Ioannis and Reinecke, Thomas L and others},
	Journal = {arXiv preprint arXiv:1705.05971},
	Title = {Ultra-low-loss Polaritons in Isotopically Pure Materials: A New Approach},
	Year = {2017}}

@article{yoxall2015direct,
	Author = {Yoxall, Edward and Schnell, Martin and Nikitin, Alexey Y and Txoperena, Oihana and Woessner, Achim and Lundeberg, Mark B and Casanova, F{\'e}lix and Hueso, Luis E and Koppens, Frank HL and Hillenbrand, Rainer},
	Journal = {Nature Photonics},
	Publisher = {Nature Publishing Group},
	Title = {Direct observation of ultraslow hyperbolic polariton propagation with negative phase velocity},
	Year = {2015}}

@article{tomadin2015accessing,
	Author = {Tomadin, Andrea and Principi, Alessandro and Song, Justin CW and Levitov, Leonid S and Polini, Marco},
	Journal = {Physical review letters},
	Number = {8},
	Pages = {087401},
	Publisher = {APS},
	Title = {Accessing Phonon Polaritons in Hyperbolic Crystals by Angle-Resolved Photoemission Spectroscopy},
	Volume = {115},
	Year = {2015}}

@article{li2015hyperbolic,
	Author = {Li, Peining and Lewin, Martin and Kretinin, Andrey V and Caldwell, Joshua D and Novoselov, Kostya S and Taniguchi, Takashi and Watanabe, Kenji and Gaussmann, Fabian and Taubner, Thomas},
	Journal = {Nature communications},
	Publisher = {Nature Publishing Group},
	Title = {Hyperbolic phonon-polaritons in boron nitride for near-field optical imaging and focusing},
	Volume = {6},
	Year = {2015}}

@article{dai2015subdiffractional,
	Author = {Dai, S and Ma, Q and Andersen, T and Mcleod, AS and Fei, Z and Liu, MK and Wagner, M and Watanabe, K and Taniguchi, T and Thiemens, M and others},
	Journal = {Nature communications},
	Publisher = {Nature Publishing Group},
	Title = {Subdiffractional focusing and guiding of polaritonic rays in a natural hyperbolic material},
	Volume = {6},
	Year = {2015}}

@article{dai2015graphene,
	Author = {Dai, S and Ma, Q and Liu, MK and Andersen, T and Fei, Z and Goldflam, MD and Wagner, M and Watanabe, K and Taniguchi, T and Thiemens, M and others},
	Journal = {Nature nanotechnology},
	Number = {8},
	Pages = {682--686},
	Publisher = {Nature Publishing Group},
	Title = {Graphene on hexagonal boron nitride as a tunable hyperbolic metamaterial},
	Volume = {10},
	Year = {2015}}

@article{xu2014mid,
	Author = {Xu, Xiaoji G and Jiang, Jian-Hua and Gilburd, Leonid and Rensing, Rachel G and Burch, Kenneth S and Zhi, Chunyi and Bando, Yoshio and Golberg, Dmitri and Walker, Gilbert C},
	Journal = {ACS nano},
	Number = {11},
	Pages = {11305--11312},
	Publisher = {ACS Publications},
	Title = {Mid-infrared polaritonic coupling between boron nitride nanotubes and graphene},
	Volume = {8},
	Year = {2014}}

@article{manjavacas2013tunable,
	Journal = {ACS nano},
	Number = {4},
	Pages = {3635--3643},
	Publisher = {ACS Publications},
	Title = {Tunable molecular plasmons in polycyclic aromatic hydrocarbons},
	Volume = {7},
	Year = {2013}}

@article{lauchner2015molecular,
	Journal = {Nano letters},
	Number = {9},
	Pages = {6208--6214},
	Publisher = {ACS Publications},
	Title = {Molecular plasmonics},
	Volume = {15},
	Year = {2015}}

@article{kumar2015tunable,
	Author = {Kumar, Anshuman and Low, Tony and Fung, Kin Hung and Avouris, Phaedon and Fang, Nicholas X},
	Journal = {Nano letters},
	Number = {5},
	Pages = {3172--3180},
	Publisher = {ACS Publications},
	Title = {Tunable light--matter interaction and the role of hyperbolicity in graphene--hBN system},
	Volume = {15},
	Year = {2015}}

@article{jablan2009plasmonics,
	Author = {Jablan, Marinko and Buljan, Hrvoje and Solja{\v{c}}i{\'c}, Marin},
	Journal = {Physical review B},
	Number = {24},
	Pages = {245435},
	Publisher = {APS},
	Title = {Plasmonics in graphene at infrared frequencies},
	Volume = {80},
	Year = {2009}}

@article{benz2016single,
	Author = {Benz, Felix and Schmidt, Mikolaj K and Dreismann, Alexander and Chikkaraddy, Rohit and Zhang, Yao and Demetriadou, Angela and Carnegie, Cloudy and Ohadi, Hamid and de Nijs, Bart and Esteban, Ruben and others},
	Journal = {Science},
	Number = {6313},
	Pages = {726--729},
	Publisher = {American Association for the Advancement of Science},
	Title = {Single-molecule optomechanics in ?picocavities?},
	Volume = {354},
	Year = {2016}}

@article{hillenbrand2002phonon,
	Author = {Hillenbrand, R and Taubner, T and Keilmann, F},
	Journal = {Nature},
	Number = {6894},
	Pages = {159--162},
	Publisher = {Nature Publishing Group},
	Title = {Phonon-enhanced light--matter interaction at the nanometre scale},
	Volume = {418},
	Year = {2002}}

@article{li2016reversible,
	Author = {Li, Peining and Yang, Xiaosheng and Ma{\ss}, Tobias WW and Hanss, Julian and Lewin, Martin and Michel, Ann-Katrin U and Wuttig, Matthias and Taubner, Thomas},
	Journal = {Nature materials},
	Publisher = {Nature Publishing Group},
	Title = {Reversible optical switching of highly confined phonon-polaritons with an ultrathin phase-change material},
	Year = {2016}}

@article{ratchford2018controlling,
	Author = {Ratchford, Daniel C and Winta, Christopher J and Chatzakis, Ioannis and Ellis, Chase T and Passler, Nikolai C and Winterstein, Jonathan and Dev, Pratibha and Razdolski, Ilya and Tischler, Joseph G and Vurgaftman, Igor and others},
	Journal = {arXiv preprint arXiv:1806.06792},
	Title = {Controlling the Infrared Dielectric Function through Atomic-Scale Heterostructures},
	Year = {2018}}

@article{rivera2017making,
	Author = {Rivera, Nicholas and Rosolen, Gilles and Joannopoulos, John D and Kaminer, Ido and Solja{\v{c}}i{\'c}, Marin},
	Journal = {Proceedings of the National Academy of Sciences},
	Pages = {201713538},
	Publisher = {National Acad Sciences},
	Title = {Making two-photon processes dominate one-photon processes using mid-IR phonon polaritons},
	Year = {2017}}

@article{gorbachev2011hunting,
	Author = {Gorbachev, Roman V and Riaz, Ibtsam and Nair, Rahul R and Jalil, Rashid and Britnell, Liam and Belle, Branson D and Hill, Ernie W and Novoselov, Kostya S and Watanabe, Kenji and Taniguchi, Takashi and others},
	Journal = {Small},
	Number = {4},
	Pages = {465--468},
	Publisher = {Wiley Online Library},
	Title = {Hunting for monolayer boron nitride: optical and Raman signatures},
	Volume = {7},
	Year = {2011}}

@article{tran2016quantum,
	Author = {Tran, Toan Trong and Bray, Kerem and Ford, Michael J and Toth, Milos and Aharonovich, Igor},
	Journal = {Nature nanotechnology},
	Number = {1},
	Pages = {37},
	Publisher = {Nature Publishing Group},
	Title = {Quantum emission from hexagonal boron nitride monolayers},
	Volume = {11},
	Year = {2016}}

@article{jablan2013plasmons,
	Author = {Jablan, Marinko and Solja{\v{c}}i{\'c}, Marin and Buljan, Hrvoje},
	Journal = {Proceedings of the IEEE},
	Number = {7},
	Pages = {1689--1704},
	Publisher = {IEEE},
	Title = {Plasmons in graphene: fundamental properties and potential applications},
	Volume = {101},
	Year = {2013}}

@article{sundararaman2014theoretical,
	Author = {Sundararaman, Ravishankar and Narang, Prineha and Jermyn, Adam S and Goddard III, William A and Atwater, Harry A},
	Journal = {Nature communications},
	Pages = {5788},
	Publisher = {Nature Publishing Group},
	Title = {Theoretical predictions for hot-carrier generation from surface plasmon decay},
	Volume = {5},
	Year = {2014}}

@article{brown2015nonradiative,
	Author = {Brown, Ana M and Sundararaman, Ravishankar and Narang, Prineha and Goddard III, William A and Atwater, Harry A},
	Journal = {ACS nano},
	Number = {1},
	Pages = {957--966},
	Publisher = {ACS Publications},
	Title = {Nonradiative plasmon decay and hot carrier dynamics: effects of phonons, surfaces, and geometry},
	Volume = {10},
	Year = {2015}}

@article{zhu2018observation,
	Author = {Zhu, Hanyu and Yi, Jun and Li, Ming-Yang and Xiao, Jun and Zhang, Lifa and Yang, Chih-Wen and Kaindl, Robert A and Li, Lain-Jong and Wang, Yuan and Zhang, Xiang},
	Journal = {Science},
	Number = {6375},
	Pages = {579--582},
	Publisher = {American Association for the Advancement of Science},
	Title = {Observation of chiral phonons},
	Volume = {359},
	Year = {2018}}

@article{brown2016ab,
	Author = {Brown, Ana M and Sundararaman, Ravishankar and Narang, Prineha and Goddard III, William A and Atwater, Harry A},
	Journal = {Physical Review B},
	Number = {7},
	Pages = {075120},
	Publisher = {APS},
	Title = {Ab initio phonon coupling and optical response of hot electrons in plasmonic metals},
	Volume = {94},
	Year = {2016}}

@article{narang2017effects,
	Author = {Narang, Prineha and Zhao, Litao and Claybrook, Steven and Sundararaman, Ravishankar},
	Journal = {Advanced Optical Materials},
	Number = {15},
	Pages = {1600914},
	Publisher = {Wiley Online Library},
	Title = {Effects of Interlayer Coupling on Hot-Carrier Dynamics in Graphene-Derived van der Waals Heterostructures},
	Volume = {5},
	Year = {2017}}

@book{srivastava1990physics,
	Author = {Srivastava, Gyaneshwar P},
	Publisher = {CRC press},
	Title = {The physics of phonons},
	Year = {1990}}
